<?xml version="1.0" encoding="UTF-8"?><collection xmlns="http://www.loc.gov/MARC21/slim"><record><leader>00770nam--2200205-u-4500</leader><controlfield tag="001">000053074</controlfield><controlfield tag="002">20161230</controlfield><controlfield tag="005">20161230201050</controlfield><controlfield tag="008">110104s1000------------r-----000-0-eng-d</controlfield><datafield ind1=" " ind2=" " tag="020"><subfield code="a">0735401187</subfield></datafield><datafield ind1=" " ind2=" " tag="040"><subfield code="a">IFIN-HH</subfield></datafield><datafield ind1=" " ind2=" " tag="080"><subfield code="a">534.322.3:538.951:531.19:(57:51.7)</subfield></datafield><datafield ind1="1" ind2=" " tag="100"><subfield code="a">Kenkre, V.M</subfield></datafield><datafield ind1="1" ind2="0" tag="245"><subfield code="a">Modern challenges in statistical mechanics</subfield><subfield code="b">Patterns, noise, and the interplay of nonlinearity and complexity pan american advanced studies institute bariloche, argentina 2-15 june 2002</subfield><subfield code="c">V.M. KENKRE; KATJA LINDENBERG (Eds.)</subfield></datafield><datafield ind1=" " ind2=" " tag="260"><subfield code="a">Melville, New York</subfield><subfield code="b">American Institute Of Physics</subfield><subfield code="c">2003</subfield></datafield><datafield ind1=" " ind2=" " tag="300"><subfield code="a">395P</subfield></datafield><datafield ind1=" " ind2=" " tag="490"><subfield code="a">Aip Conference Proceedings</subfield><subfield code="v">Vol. 658</subfield></datafield><datafield ind1="1" ind2=" " tag="700"><subfield code="a">Lindenberg, Katja</subfield><subfield code="e">Ed</subfield></datafield><datafield ind1=" " ind2=" " tag="852"><subfield code="a">81746</subfield><subfield code="c">001.2</subfield></datafield><datafield ind1=" " ind2=" " tag="CAT"><subfield code="a">Sys</subfield><subfield code="c">20110104</subfield><subfield code="h">161545</subfield></datafield></record></collection>